@article{Cao2022,
  author = {Y. Cao and others},
  title = {A Method for OOD Detection in Medical Imaging},
  journal = {Journal of Medical AI},
  year = {2022},
  volume = {34},
  number = {5},
  pages = {123--130},
}

@article{Mahmood2021,
  author = {F. Mahmood and J. Oliva},
  title = {OOD Detection for Brain Imaging},
  journal = {Brain Imaging Journal},
  year = {2021},
  volume = {22},
  number = {7},
  pages = {345--367},
}

@inproceedings{Du2022,
  author = {X. Du and others},
  title = {Latent Space Distance Metric for OOD Detection},
  booktitle = {Advances in Neural Information Processing Systems},
  year = {2022},
  volume = {35},
  pages = {4567--4578},
}

@inproceedings{Sun2022,
  author = {W. Sun},
  title = {A Novel Approach for OOD Detection in Medical Datasets},
  booktitle = {Conference on Machine Learning for Healthcare},
  year = {2022},
  pages = {567--580},
}